@article{MalvarS89,
  added-at = {2013-08-22T00:00:00.000+0200},
  author = {Malvar, Henrique S. and Staelin, David H.},
  biburl = {http://www.bibsonomy.org/bibtex/2ed08da979e24c815d146be92e8e159c5/dblp},
  ee = {http://dx.doi.org/10.1109/29.17536},
  interhash = {00aa029a371050c3ad7e0807de77806e},
  intrahash = {ed08da979e24c815d146be92e8e159c5},
  journal = {IEEE Trans. Acoustics, Speech, and Signal Processing},
  keywords = {dblp},
  number = 4,
  pages = {553-559},
  timestamp = {2013-08-23T11:34:31.000+0200},
  title = {The {LOT}: Transform coding without blocking effects.},
  volume = 37,
  year = 1989
}

@article{Tran2003,
  author={Tran, T.D. and Jie Liang and Chengjie Tu},
  journal={Signal Processing, IEEE Transactions on},
  title={Lapped transform via time-domain pre- and post-filtering},
  year={2003},
  month={June},
  volume={51},
  number={6},
  pages={1557-1571},
  doi={10.1109/TSP.2003.811222},
  ISSN={1053-587X},
}

@inproceedings{valin2015spie,
 author = {J.-M. Valin and T. B. Terriberry},
 title = { Perceptual vector quantization for video coding },
 booktitle = {Proceedings of SPIE Visual Information Processing and Communication},
 volume = {9410},
 pages = {941009-941009-11},
 number = {},
 year = {2015},
 note = "\texttt{arXiv:1602.05209 [cs.MM]} \url{http://arxiv.org/abs/1602.05209}"
}

@inproceedings{egge2015spie,
 author = {N. E. Egge. and J.-M. Valin},
 title = { Predicting chroma from luma with frequency domain intra prediction },
 booktitle = {Proceedings of SPIE Visual Information Processing and Communication},
 volume = {9410},
 number = {},
 pages = {941008-941008-10},
 year = {2015},
 note = "\texttt{arXiv:1603.03482 [cs.MM]} \url{http://arxiv.org/abs/1603.03482}"
}

@inproceedings{OBMC,
  author = "Timothy B. Terriberry",
  title = "Adaptive Motion Compensation without Blocking Artifacts",
  booktitle = "Proceedings of Visual Information Processing and
   Communication {VI}",
  editor = "Amir Said and Onur G. Guleryuz and Robert L. Stevenson",
  volume = 9410,
  year = 2015,
  month = Mar,
  address = "San Francisco, CA"
}

@ARTICLE{ZAS98,
  author="Jiajun Zhang and M. Omair Ahmad and M. N. S. Swamy",
  title="New Windowing Techniques for Variable-Size Block Motion Compensation",
  journal="{IEE} Proceedings---Vision, Image, and Signal Processing",
  volume=145,
  number=6,
  pages="399--407",
  month=Dec,
  year=1998
}

@INPROCEEDINGS{DWSMAM97,
  author="Mark Duchaineau and Murray Wolinsky and David E. Sigeti and
   Mark C. Miller and Charles Aldrich and Mark B. Mineev-Weinstein",
  title="{ROAM}ing Terrain: Real-time Optimally Adapting Meshes",
  booktitle="Proceedings of the 8th {IEEE} Conference on Visualization
   ({VIS}'97)",
  pages="81--88",
  year=1997
}

@PHDTHESIS{Bal01,
  author="Laurent Balmelli",
  title="Rate-Distortion Optimal Mesh Simplification for Communications",
  school="\'{E}cole Polytechnique F\'{e}d\'{e}rale de Lausanne",
  address="Switzerland",
  year=2001
}

@ARTICLE{MSW03,
  author="Detlev Marpe and Heiko Schwarz and Thomas Wiegand",
  title="Context-Based Adaptive Binary Arithmetic Coding in the {H.264}/{AVC}
   Video Compression Standard",
  journal="{IEEE} Transactions on Circuits and Systems for Video Technology",
  volume=13,
  number=7,
  pages="620--636",
  month=Jul,
  year=2003
}

@misc{ValinDeringing,
  author    = {J.-M. Valin},
  title     = {The {Daala} Directional Deringing Filter},
  journal   = {arXiv preprint},
  volume    = {abs/1602.05975},
  year      = {2016},
  howpublished = "\texttt{arXiv:1602.05975 [cs.MM]} \url{http://arxiv.org/abs/1602.05975}",
}

@misc{DaedeDCC,
  author    = {T. J. Daede and N. E. Egge and J.-M. Valin and G. Martres and T. B. Terriberry},
  title     = {{Daala}: A Perceptually-Driven Next Generation Video Codec},
  journal   = {arXiv preprint},
  volume    = {abs/1603.03129},
  year      = {2016},
  howpublished = "\texttt{arXiv:1603.03129 [cs.MM]} \url{http://arxiv.org/abs/1603.03129}",
}

@inproceedings{EggePCS,
  author    = {N. E. Egge and J.-M. Valin and T. B. Terriberry and T. Daede and C. Montgomery},
  title     = {Using {Daala} Intra Frames for Still Picture Coding},
  booktitle   = {Proceedings of Picture Coding Symposium},
  year      = {2015},
}

@misc{derfTools,
  author    = {T. B. Terriberry},
  title     = {Coding Tools for a Next Generation Video Codec},
  journal   = {IETF},
  volume    = {Internet-Draft},
  howpublished = "\url{https://tools.ietf.org/html/draft-terriberry-codingtools-02}",
  year      = {2015},
}

@misc{valinL1TW,
  author    = {Jean-Marc Valin},
  title     = {Screencasting Considerations and {L1}-Tree Wavelet Coding},
  journal   = {IETF},
  volume    = {Internet-Draft},
  howpublished = "\url{https://tools.ietf.org/html/draft-valin-netvc-l1tw-01}",
  year      = {2015},
}

@misc{pcs2015,
  title = "{Picture Coding Symposium} 2015 Feature Event: Evaluation of Current
   and Future Image Compression Technologies",
  howpublished = "\url{http://www.pcs2015.org/}"
}

@inproceedings{stuiver1998piecewise,
  title={Piecewise integer mapping for arithmetic coding},
  author={Stuiver, Lang and Moffat, Alistair},
  booktitle={Data Compression Conference, 1998. DCC'98. Proceedings},
  pages={3--12},
  year={1998},
  organization={IEEE}
}

@misc{testing-draft,
  author={T. Daede, J. Moffitt},
  title={Video Codec Testing and Quality Measurement},
  journal   = {IETF},
  volume    = {Internet-Draft},
  howpublished = "\url{https://tools.ietf.org/html/draft-daede-netvc-testing}",
  year      = {2015},
}

@misc{deringing-demo,
  author={J.-M. Valin},
  title={A Deringing Filter for Daala... and beyond},
  howpublished="\url{https://people.xiph.org/~jm/daala/deringing_demo/}",
  year={2016}
}

@misc{WebPWebsite,
  title = {Web{P} Website},
  howpublished = "\url{https://developers.google.com/speed/webp/}",
}

@misc{BPGWebsite,
  title = {{BPG} Website},
  howpublished = "\url{http://bellard.org/bpg/}",
}

@INPROCEEDINGS{ValinAES,
AUTHOR={J.-M. Valin and G. Maxwell and T. B. Terriberry and K. Vos},
TITLE={High-Quality, Low-Delay Music Coding in the Opus Codec},
BOOKTITLE={Proceedings of the 135th AES Convention},
YEAR={2013},
note = "\texttt{arXiv:1602.04845 [cs.MM]} \url{http://arxiv.org/abs/1602.04845}"
}

@ARTICLE{Fischer1986,
AUTHOR = "T. R. Fischer",
TITLE = "A pyramid vector quantizer",
JOURNAL = "IEEE Trans. on Information Theory",
VOLUME="32",
PAGES = "568--583",
YEAR = "1986",
MONTH = "July"
}


@ARTICLE{HEVC-SAO,
author={C. M. Fu and E. Alshina and A. Alshin and Y. W. Huang and C. Y. Chen and C. Y. Tsai and C. W. Hsu and S. M. Lei and J. H. Park and W. J. Han},
journal={IEEE Transactions on Circuits and Systems for Video Technology},
title={Sample Adaptive Offset in the HEVC Standard},
year={2012},
volume={22},
number={12},
pages={1755-1764},
month={Dec}
}

@misc{fdintra-demo,
  author={C. Montgomery},
  title={Introducing Daala part 2: Frequency Domain Intra Prediction},
  howpublished="\url{https://people.xiph.org/~xiphmont/demo/daala/demo2.shtml}",
  year={2013}
}

@MISC{Dirac,
  title="Dirac Specification",
  howpublished="\url{https://web.archive.org/web/20081010112442/http://diracvideo.org/download/specification/dirac-spec-latest.pdf}",
  year=2008,
  month=Sep
}

@misc{ThorDraft,
  author    = {A. Fuldseth and G. Bj{\o}ntegaard and S. Midtskogen and T. Davies and M. Zanaty},
  title     = {Thor Video Codec},
  journal   = {IETF},
  volume    = {Internet-Draft},
  howpublished = "\url{https://tools.ietf.org/html/draft-fuldseth-netvc-thor-02}",
  year      = {2016},
}

@misc{VP9Spec,
  author    = {A. Grange and P. de Rivaz and J. Hunt},
  title     = {{VP9} Bitstream \& Decoding Process Specification},
  year      = {2016},
  howpublished = "\url{http://www.webmproject.org/vp9/}"
}

@misc{CLPFDraft,
  author    = {S. Midtskogen and A. Fuldseth and M. Zanaty},
  title     = {Constrained Low Pass Filter},
  journal   = {IETF},
  volume    = {Internet-Draft},
  howpublished = "\url{https://tools.ietf.org/html/draft-midtskogen-netvc-clpf-01}",
  year      = {2016},
}
