@article{MalvarS89,
  added-at = {2013-08-22T00:00:00.000+0200},
  author = {Malvar, Henrique S. and Staelin, David H.},
  biburl = {http://www.bibsonomy.org/bibtex/2ed08da979e24c815d146be92e8e159c5/dblp},
  ee = {http://dx.doi.org/10.1109/29.17536},
  interhash = {00aa029a371050c3ad7e0807de77806e},
  intrahash = {ed08da979e24c815d146be92e8e159c5},
  journal = {IEEE Trans. Acoustics, Speech, and Signal Processing},
  keywords = {dblp},
  number = 4,
  pages = {553-559},
  timestamp = {2013-08-23T11:34:31.000+0200},
  title = {The {LOT}: Transform coding without blocking effects.},
  volume = 37,
  year = 1989
}

@article{Tran2003,
  author={Tran, T.D. and Jie Liang and Chengjie Tu},
  journal={Signal Processing, IEEE Transactions on},
  title={Lapped transform via time-domain pre- and post-filtering},
  year={2003},
  month={June},
  volume={51},
  number={6},
  pages={1557-1571},
  doi={10.1109/TSP.2003.811222},
  ISSN={1053-587X},
}

@inproceedings{valin2015spie,
 author = {J.-M. Valin and T. B. Terriberry},
 title = { Perceptual vector quantization for video coding },
 journal = {Proc. SPIE},
 volume = {9410},
 pages = {941009-941009-11},
 number = {},
 year = {2015},
 doi = {10.1117/12.2080529},
}

@inproceedings{egge2015spie,
 author = {N. E. Egge. and J.-M. Valin},
 title = { Predicting chroma from luma with frequency domain intra prediction },
 journal = {Proc. SPIE},
 volume = {9410},
 number = {},
 pages = {941008-941008-10},
 year = {2015},
 doi = {10.1117/12.2080837},
}

@misc{ValinDeringing,
  author    = {J.-M. Valin},
  title     = {The {Daala} Directional Deringing Filter},
  journal   = {arXiv preprint},
  volume    = {abs/1602.05975},
  year      = {2016},
  howpublished = "arXiv:1602.05975 [cs.MM] \url{http://arxiv.org/abs/1602.05975}",
}

@misc{DaedeDCC,
  author    = {T. J. Daede and N. E. Egge and J.-M. Valin and G. Martres and T. B. Terriberry},
  title     = {{Daala}: A Perceptually-Driven Next Generation Video Codec},
  journal   = {arXiv preprint},
  volume    = {abs/1603.03129},
  year      = {2016},
  howpublished = "arXiv:1603.03129 [cs.MM] \url{http://arxiv.org/abs/1603.03129}",
}

@inproceedings{EggePCS,
  author    = {N. E. Egge and J.-M. Valin and T. B. Terriberry and T. Daede and C. Montgomery},
  title     = {Using {Daala} Intra Frames for Still Picture Coding},
  journal   = {Proceedings of Picture Coding Symposium},
  year      = {2015}
}

@misc{derfTools,
  author    = {T. B. Terriberry},
  title     = {Coding Tools for a Next Generation Video Codec},
  journal   = {IETF},
  volume    = {Internet-Draft},
  howpublished = "\url{https://tools.ietf.org/html/draft-terriberry-codingtools-02}",
  year      = {2015},
}
